%YAML 1.1
%TAG !u! tag:unity3d.com,2011:
--- !u!1 &8769563120283140074
GameObject:
  m_ObjectHideFlags: 0
  m_CorrespondingSourceObject: {fileID: 0}
  m_PrefabInstance: {fileID: 0}
  m_PrefabAsset: {fileID: 0}
  serializedVersion: 6
  m_Component:
  - component: {fileID: 8769563120283140075}
  - component: {fileID: 8769563120283140070}
  - component: {fileID: 8769563120283140069}
  - component: {fileID: 8769563120283140068}
  - component: {fileID: 8769563120283140071}
  m_Layer: 5
  m_Name: Timer
  m_TagString: Untagged
  m_Icon: {fileID: 0}
  m_NavMeshLayer: 0
  m_StaticEditorFlags: 0
  m_IsActive: 1
--- !u!224 &8769563120283140075
RectTransform:
  m_ObjectHideFlags: 0
  m_CorrespondingSourceObject: {fileID: 0}
  m_PrefabInstance: {fileID: 0}
  m_PrefabAsset: {fileID: 0}
  m_GameObject: {fileID: 8769563120283140074}
  m_LocalRotation: {x: 0, y: 0, z: 0, w: 1}
  m_LocalPosition: {x: 0, y: 0, z: 0}
  m_LocalScale: {x: 0, y: 0, z: 0}
  m_Children:
  - {fileID: 8769563120087875829}
  m_Father: {fileID: 0}
  m_RootOrder: 0
  m_LocalEulerAnglesHint: {x: 0, y: 0, z: 0}
  m_AnchorMin: {x: 0, y: 0}
  m_AnchorMax: {x: 0, y: 0}
  m_AnchoredPosition: {x: 0, y: 0}
  m_SizeDelta: {x: 0, y: 0}
  m_Pivot: {x: 0, y: 0}
--- !u!223 &8769563120283140070
Canvas:
  m_ObjectHideFlags: 0
  m_CorrespondingSourceObject: {fileID: 0}
  m_PrefabInstance: {fileID: 0}
  m_PrefabAsset: {fileID: 0}
  m_GameObject: {fileID: 8769563120283140074}
  m_Enabled: 1
  serializedVersion: 3
  m_RenderMode: 0
  m_Camera: {fileID: 0}
  m_PlaneDistance: 100
  m_PixelPerfect: 0
  m_ReceivesEvents: 1
  m_OverrideSorting: 0
  m_OverridePixelPerfect: 0
  m_SortingBucketNormalizedSize: 0
  m_AdditionalShaderChannelsFlag: 0
  m_SortingLayerID: 0
  m_SortingOrder: 0
  m_TargetDisplay: 0
--- !u!114 &8769563120283140069
MonoBehaviour:
  m_ObjectHideFlags: 0
  m_CorrespondingSourceObject: {fileID: 0}
  m_PrefabInstance: {fileID: 0}
  m_PrefabAsset: {fileID: 0}
  m_GameObject: {fileID: 8769563120283140074}
  m_Enabled: 1
  m_EditorHideFlags: 0
  m_Script: {fileID: 11500000, guid: 0cd44c1031e13a943bb63640046fad76, type: 3}
  m_Name: 
  m_EditorClassIdentifier: 
  m_UiScaleMode: 0
  m_ReferencePixelsPerUnit: 100
  m_ScaleFactor: 1
  m_ReferenceResolution: {x: 800, y: 600}
  m_ScreenMatchMode: 0
  m_MatchWidthOrHeight: 0
  m_PhysicalUnit: 3
  m_FallbackScreenDPI: 96
  m_DefaultSpriteDPI: 96
  m_DynamicPixelsPerUnit: 1
--- !u!114 &8769563120283140068
MonoBehaviour:
  m_ObjectHideFlags: 0
  m_CorrespondingSourceObject: {fileID: 0}
  m_PrefabInstance: {fileID: 0}
  m_PrefabAsset: {fileID: 0}
  m_GameObject: {fileID: 8769563120283140074}
  m_Enabled: 1
  m_EditorHideFlags: 0
  m_Script: {fileID: 11500000, guid: dc42784cf147c0c48a680349fa168899, type: 3}
  m_Name: 
  m_EditorClassIdentifier: 
  m_IgnoreReversedGraphics: 1
  m_BlockingObjects: 0
  m_BlockingMask:
    serializedVersion: 2
    m_Bits: 4294967295
--- !u!114 &8769563120283140071
MonoBehaviour:
  m_ObjectHideFlags: 0
  m_CorrespondingSourceObject: {fileID: 0}
  m_PrefabInstance: {fileID: 0}
  m_PrefabAsset: {fileID: 0}
  m_GameObject: {fileID: 8769563120283140074}
  m_Enabled: 1
  m_EditorHideFlags: 0
  m_Script: {fileID: 11500000, guid: 64e322fcabd1b044298d14f529043ac7, type: 3}
  m_Name: 
  m_EditorClassIdentifier: 
--- !u!1001 &3113883267694654593
PrefabInstance:
  m_ObjectHideFlags: 0
  serializedVersion: 2
  m_Modification:
    m_TransformParent: {fileID: 8769563120283140075}
    m_Modifications:
    - target: {fileID: 5946162613909763188, guid: 3737a9108d0753043a25266a17e1f213,
        type: 3}
      propertyPath: m_LocalPosition.x
      value: 0
      objectReference: {fileID: 0}
    - target: {fileID: 5946162613909763188, guid: 3737a9108d0753043a25266a17e1f213,
        type: 3}
      propertyPath: m_LocalPosition.y
      value: 0
      objectReference: {fileID: 0}
    - target: {fileID: 5946162613909763188, guid: 3737a9108d0753043a25266a17e1f213,
        type: 3}
      propertyPath: m_LocalPosition.z
      value: 0
      objectReference: {fileID: 0}
    - target: {fileID: 5946162613909763188, guid: 3737a9108d0753043a25266a17e1f213,
        type: 3}
      propertyPath: m_LocalRotation.x
      value: 0
      objectReference: {fileID: 0}
    - target: {fileID: 5946162613909763188, guid: 3737a9108d0753043a25266a17e1f213,
        type: 3}
      propertyPath: m_LocalRotation.y
      value: 0
      objectReference: {fileID: 0}
    - target: {fileID: 5946162613909763188, guid: 3737a9108d0753043a25266a17e1f213,
        type: 3}
      propertyPath: m_LocalRotation.z
      value: 0
      objectReference: {fileID: 0}
    - target: {fileID: 5946162613909763188, guid: 3737a9108d0753043a25266a17e1f213,
        type: 3}
      propertyPath: m_LocalRotation.w
      value: 1
      objectReference: {fileID: 0}
    - target: {fileID: 5946162613909763188, guid: 3737a9108d0753043a25266a17e1f213,
        type: 3}
      propertyPath: m_RootOrder
      value: 0
      objectReference: {fileID: 0}
    - target: {fileID: 5946162613909763188, guid: 3737a9108d0753043a25266a17e1f213,
        type: 3}
      propertyPath: m_LocalEulerAnglesHint.x
      value: 0
      objectReference: {fileID: 0}
    - target: {fileID: 5946162613909763188, guid: 3737a9108d0753043a25266a17e1f213,
        type: 3}
      propertyPath: m_LocalEulerAnglesHint.y
      value: 0
      objectReference: {fileID: 0}
    - target: {fileID: 5946162613909763188, guid: 3737a9108d0753043a25266a17e1f213,
        type: 3}
      propertyPath: m_LocalEulerAnglesHint.z
      value: 0
      objectReference: {fileID: 0}
    - target: {fileID: 5946162613909763188, guid: 3737a9108d0753043a25266a17e1f213,
        type: 3}
      propertyPath: m_AnchoredPosition.x
      value: 3.3
      objectReference: {fileID: 0}
    - target: {fileID: 5946162613909763188, guid: 3737a9108d0753043a25266a17e1f213,
        type: 3}
      propertyPath: m_AnchoredPosition.y
      value: 217.4
      objectReference: {fileID: 0}
    - target: {fileID: 5946162613909763188, guid: 3737a9108d0753043a25266a17e1f213,
        type: 3}
      propertyPath: m_SizeDelta.x
      value: 166.6886
      objectReference: {fileID: 0}
    - target: {fileID: 5946162613909763188, guid: 3737a9108d0753043a25266a17e1f213,
        type: 3}
      propertyPath: m_SizeDelta.y
      value: 53.138184
      objectReference: {fileID: 0}
    - target: {fileID: 5946162613909763188, guid: 3737a9108d0753043a25266a17e1f213,
        type: 3}
      propertyPath: m_AnchorMin.x
      value: 0.5
      objectReference: {fileID: 0}
    - target: {fileID: 5946162613909763188, guid: 3737a9108d0753043a25266a17e1f213,
        type: 3}
      propertyPath: m_AnchorMin.y
      value: 0.5
      objectReference: {fileID: 0}
    - target: {fileID: 5946162613909763188, guid: 3737a9108d0753043a25266a17e1f213,
        type: 3}
      propertyPath: m_AnchorMax.x
      value: 0.5
      objectReference: {fileID: 0}
    - target: {fileID: 5946162613909763188, guid: 3737a9108d0753043a25266a17e1f213,
        type: 3}
      propertyPath: m_AnchorMax.y
      value: 0.5
      objectReference: {fileID: 0}
    - target: {fileID: 5946162613909763188, guid: 3737a9108d0753043a25266a17e1f213,
        type: 3}
      propertyPath: m_Pivot.x
      value: 0.5
      objectReference: {fileID: 0}
    - target: {fileID: 5946162613909763188, guid: 3737a9108d0753043a25266a17e1f213,
        type: 3}
      propertyPath: m_Pivot.y
      value: 0.5
      objectReference: {fileID: 0}
    - target: {fileID: 5946162613909763189, guid: 3737a9108d0753043a25266a17e1f213,
        type: 3}
      propertyPath: m_Name
      value: Text
      objectReference: {fileID: 0}
    m_RemovedComponents: []
  m_SourcePrefab: {fileID: 100100000, guid: 3737a9108d0753043a25266a17e1f213, type: 3}
--- !u!224 &8769563120087875829 stripped
RectTransform:
  m_CorrespondingSourceObject: {fileID: 5946162613909763188, guid: 3737a9108d0753043a25266a17e1f213,
    type: 3}
  m_PrefabInstance: {fileID: 3113883267694654593}
  m_PrefabAsset: {fileID: 0}
